@article{Adomavicius:2005:TNG:1070611.1070751,
 author = {Adomavicius, Gediminas and Tuzhilin, Alexander},
 title = {Toward the Next Generation of Recommender Systems: A Survey of the State-of-the-Art and Possible Extensions},
 journal = {IEEE Trans. on Knowl. and Data Eng.},
 volume = {17},
 issue = {6},
 month = {June},
 year = {2005},
 issn = {1041-4347},
 pages = {734--749},
 numpages = {16},
 url = {http://dx.doi.org/10.1109/TKDE.2005.99},
 doi = {http://dx.doi.org/10.1109/TKDE.2005.99},
 acmid = {1070751},
 publisher = {IEEE Educational Activities Department},
 address = {Piscataway, NJ, USA},
 keywords = {Recommender systems, collaborative filtering, rating estimation methods, extensions to recommender systems.},
} 
@article{rudi2017weighted,
  title={Weighted BFBT preconditioner for Stokes flow problems with highly heterogeneous viscosity},
  author={Rudi, Johann and Stadler, Georg and Ghattas, Omar},
  journal={SIAM Journal on Scientific Computing},
  volume={39},
  number={5},
  pages={S272--S297},
  year={2017},
  publisher={SIAM}
}